@inproceedings{hamza2008incremental,
  title={Incremental classification of invoice documents},
  author={Hamza, Hatem and Bela{\"\i}d, Yolande and Bela{\"\i}d, Abdel and Chaudhuri, Bidyut B},
  booktitle={Pattern Recognition, 2008. ICPR 2008. 19th International Conference on},
  pages={1--4},
  year={2008},
  organization={IEEE}
}

@inproceedings{zhou2000hough,
  title={Hough technique for bar charts detection and recognition in document images},
  author={Zhou, Yan Ping and Tan, Chew Lim},
  booktitle={Image Processing, 2000. Proceedings. 2000 International Conference on},
  volume={2},
  pages={605--608},
  year={2000},
  organization={IEEE}
}

@article{chen2004support,
  title={Support vector machine soft margin classifiers: error analysis},
  author={Chen, Di-Rong and Wu, Qiang and Ying, Yiming and Zhou, Ding-Xuan},
  journal={Journal of Machine Learning Research},
  volume={5},
  number={Sep},
  pages={1143--1175},
  year={2004}
}

@inproceedings{belaid2004morphological,
  title={Morphological tagging approach in document analysis of invoices},
  author={Bela{\"\i}d, Yolande and Bela{\"\i}d, Abdel},
  booktitle={Pattern Recognition, 2004. ICPR 2004. Proceedings of the 17th International Conference on},
  volume={1},
  pages={469--472},
  year={2004},
  organization={IEEE}
}

@article{sorio2013machine,
  title={Machine Learning Techniques for Document Processing and Web Security},
  author={Sorio, Enrico},
  year={2013},
  publisher={Universit{\`a} degli studi di Trieste}
}

@article{ming2003research,
  title={Research on Chinese financial invoice recognition technology},
  author={Ming, Delie and Liu, Jian and Tian, Jinwen},
  journal={Pattern recognition letters},
  volume={24},
  number={1},
  pages={489--497},
  year={2003},
  publisher={Elsevier}
}

@incollection{marinai2008introduction,
  title={Introduction to document analysis and recognition},
  author={Marinai, Simone},
  booktitle={Machine learning in document analysis and recognition},
  pages={1--20},
  year={2008},
  publisher={Springer}
}

@misc{shinyamapdfminer,
  title={PDFMiner: Python PDF parser and analyzer},
  author={Shinyama, Y},
  year={2010}
}

@article{smith2007overview,
  title={An overview of the Tesseract OCR engine},
  author={Smith, Ray},
  year={2007}
}

@misc{stemming,
  title={Python Implementation of Porter2 Stemming Algorithm},
  author={Chapput, Matt},
  year={2010}
}

@article{loper205028nltk,
  title={NLTK: The natural language toolkit. 2002},
  author={Loper, Edward and Bird, Steven},
  journal={URL http://arxiv. org/abs/cs/0205028}
}

@article{scikit-learn,
 title={Scikit-learn: Machine Learning in {P}ython},
 author={Pedregosa, F. and Varoquaux, G. and Gramfort, A. and Michel, V.
         and Thirion, B. and Grisel, O. and Blondel, M. and Prettenhofer, P.
         and Weiss, R. and Dubourg, V. and Vanderplas, J. and Passos, A. and
         Cournapeau, D. and Brucher, M. and Perrot, M. and Duchesnay, E.},
 journal={Journal of Machine Learning Research},
 volume={12},
 pages={2825--2830},
 year={2011}
}

@article{fan2008liblinear,
  title={LIBLINEAR: A library for large linear classification},
  author={Fan, Rong-En and Chang, Kai-Wei and Hsieh, Cho-Jui and Wang, Xiang-Rui and Lin, Chih-Jen},
  journal={Journal of machine learning research},
  volume={9},
  number={Aug},
  pages={1871--1874},
  year={2008}
}

@article{chang2011libsvm,
  title={LIBSVM: a library for support vector machines},
  author={Chang, Chih-Chung and Lin, Chih-Jen},
  journal={ACM Transactions on Intelligent Systems and Technology (TIST)},
  volume={2},
  number={3},
  pages={27},
  year={2011},
  publisher={ACM}
}

@article{powers2011evaluation,
  title={Evaluation: from precision, recall and F-measure to ROC, informedness, markedness and correlation},
  author={Powers, David Martin},
  year={2011},
  publisher={Bioinfo Publications}
}

@misc{vc1962method,
  title={Method and means for recognizing complex patterns},
  author={VC, Hough Paul},
  year={1962},
  month=dec # "~18",
  publisher={Google Patents},
  note={US Patent 3,069,654}
}
